<record><leader>00000cas a2200000 a 4500</leader><controlfield tag="001">17235782</controlfield><controlfield tag="008">871214d1891189ukyuwr ne      0    0eng d</controlfield><datafield ind1=" " ind2=" " tag="010"><subfield code="a">sn 87060367 </subfield></datafield><datafield ind1=" " ind2=" " tag="040"><subfield code="a">KNP</subfield><subfield code="b">eng</subfield><subfield code="c">KNP</subfield><subfield code="d">OCL</subfield><subfield code="d">OCLCQ</subfield><subfield code="d">KYUBL</subfield><subfield code="d">OCLCQ</subfield><subfield code="d">OCLCF</subfield><subfield code="d">OCLCO</subfield></datafield><datafield ind1="1" ind2=" " tag="029"><subfield code="a">AU@</subfield><subfield code="b">000025836920</subfield></datafield><datafield ind1=" " ind2=" " tag="042"><subfield code="a">msc</subfield></datafield><datafield ind1=" " ind2=" " tag="043"><subfield code="a">n-us-ky</subfield></datafield><datafield ind1="0" ind2=" " tag="130"><subfield code="a">Russellville ledger (Russellville, Ky. : 1891)</subfield></datafield><datafield ind1="1" ind2="4" tag="245"><subfield code="a">The Russellville ledger.</subfield></datafield><datafield ind1=" " ind2=" " tag="260"><subfield code="a">Russellville, Ky. :</subfield><subfield code="b">James C. Edwards,</subfield><subfield code="c">1891-</subfield></datafield><datafield ind1=" " ind2=" " tag="300"><subfield code="a">v. :</subfield><subfield code="b">ill.</subfield></datafield><datafield ind1=" " ind2=" " tag="310"><subfield code="a">Weekly</subfield></datafield><datafield ind1="0" ind2=" " tag="362"><subfield code="a">Vol. 3, no. 21 (Nov. 25, 1891)-</subfield></datafield><datafield ind1=" " ind2="0" tag="651"><subfield code="a">Russellville (Ky.)</subfield><subfield code="v">Newspapers.</subfield></datafield><datafield ind1=" " ind2="0" tag="651"><subfield code="a">Logan County (Ky.)</subfield><subfield code="v">Newspapers.</subfield></datafield><datafield ind1=" " ind2="7" tag="655"><subfield code="a">Newspapers.</subfield><subfield code="2">fast</subfield><subfield code="0">(OCoLC)fst01423814</subfield></datafield><datafield ind1=" " ind2="7" tag="651"><subfield code="a">Kentucky</subfield><subfield code="z">Logan County.</subfield><subfield code="2">fast</subfield><subfield code="0">(OCoLC)fst01216586</subfield></datafield><datafield ind1=" " ind2="7" tag="651"><subfield code="a">Kentucky</subfield><subfield code="z">Russellville.</subfield><subfield code="2">fast</subfield><subfield code="0">(OCoLC)fst01218759</subfield></datafield><datafield ind1=" " ind2=" " tag="752"><subfield code="a">United States</subfield><subfield code="b">Kentucky</subfield><subfield code="c">Logan</subfield><subfield code="d">Russellville.</subfield></datafield><datafield ind1="0" ind2="0" tag="780"><subfield code="t">Logan County union</subfield><subfield code="w">(DLC)sn 87060366</subfield></datafield><datafield ind1="0" ind2="7" tag="785"><subfield code="t">Russellville herald and enterprise</subfield><subfield code="w">(DLC)sn 86069374</subfield></datafield><datafield ind1="0" ind2="7" tag="785"><subfield code="t">Russellville herald-ledger</subfield><subfield code="w">(DLC)sn 88061141</subfield></datafield></record>